<record xmlns='http://www.loc.gov/MARC21/slim'><leader>01490cem a2200337 a 4500</leader><controlfield tag='001'>2066922</controlfield><controlfield tag='005'>20180905194628.0</controlfield><controlfield tag='007'>aj canzn</controlfield><controlfield tag='008'>981116s1916    qead      a  s      eng d</controlfield><datafield ind1='1' ind2=' ' tag='019'><subfield code='a'>14248430</subfield></datafield><datafield ind1='1' ind2=' ' tag='034'><subfield code='a'>a</subfield><subfield code='b'>380160</subfield><subfield code='d'>E1390000</subfield><subfield code='e'>E1411500</subfield><subfield code='f'>S0190000</subfield><subfield code='g'>S0221500</subfield></datafield><datafield ind1=' ' ind2=' ' tag='035'><subfield code='9'>(AuCNLDY)2593860</subfield></datafield><datafield ind1=' ' ind2=' ' tag='035'><subfield code='a'>2066922</subfield></datafield><datafield ind1=' ' ind2=' ' tag='040'><subfield code='a'>ANL:AM</subfield><subfield code='b'>eng</subfield><subfield code='c'>ANL:AM</subfield></datafield><datafield ind1=' ' ind2=' ' tag='042'><subfield code='a'>anuc</subfield></datafield><datafield ind1=' ' ind2=' ' tag='043'><subfield code='a'>u-at-qn</subfield></datafield><datafield ind1='0' ind2=' ' tag='045'><subfield code='b'>d1916</subfield></datafield><datafield ind1=' ' ind2='4' tag='050'><subfield code='a'>G9001.H1 1916</subfield></datafield><datafield ind1='1' ind2=' ' tag='110'><subfield code='a'>Queensland.</subfield><subfield code='b'>Department of Mines.</subfield></datafield><datafield ind1='1' ind2='0' tag='245'><subfield code='a'>Sketch map of Cloncurry gold &amp; mineral field</subfield><subfield code='h'>[cartographic material] /</subfield><subfield code='c'>prepared at the Department of Mines, Brisbane Q. 1916 ; drawn by E.F. Eberhardt.</subfield></datafield><datafield ind1=' ' ind2=' ' tag='255'><subfield code='a'>Scale [ca. 1:380 160]</subfield><subfield code='c'>(E 139째00&apos;--E 141째15&apos;/S 19째00--S 22째15&apos;)</subfield></datafield><datafield ind1=' ' ind2=' ' tag='260'><subfield code='a'>Brisbane :</subfield><subfield code='b'>Dept. of Mines,</subfield><subfield code='c'>[1916]</subfield></datafield><datafield ind1=' ' ind2=' ' tag='300'><subfield code='a'>1 map :</subfield><subfield code='b'>col. ;</subfield><subfield code='c'>100 x 73 cm.</subfield></datafield><datafield ind1=' ' ind2=' ' tag='500'><subfield code='a'>Cadastral map of Cloncurry Gold and Mineral Field, Gunpowder Creek - Mount Isa - Mort River area, showing mines, mineral freeholds and field boundaries. Includes block names and railways. Relief shown by hachures.</subfield></datafield><datafield ind1=' ' ind2=' ' tag='500'><subfield code='a'>Includes index to mining leases.</subfield></datafield><datafield ind1=' ' ind2='0' tag='650'><subfield code='a'>Mines and mineral resources</subfield><subfield code='z'>Queensland</subfield><subfield code='z'>Cloncurry Region</subfield><subfield code='x'>Maps.</subfield></datafield><datafield ind1=' ' ind2='0' tag='650'><subfield code='a'>Mining leases</subfield><subfield code='z'>Queensland</subfield><subfield code='z'>Cloncurry Region</subfield><subfield code='x'>Maps.</subfield></datafield><datafield ind1=' ' ind2='0' tag='650'><subfield code='a'>Real property</subfield><subfield code='z'>Queensland</subfield><subfield code='z'>Cloncurry Region</subfield><subfield code='x'>Maps.</subfield></datafield><datafield ind1=' ' ind2='0' tag='650'><subfield code='a'>Mines and mineral resources</subfield><subfield code='z'>Queensland</subfield><subfield code='z'>Mount Isa Region</subfield><subfield code='x'>Maps.</subfield></datafield><datafield ind1='1' ind2=' ' tag='700'><subfield code='a'>Eberhardt, E. F.</subfield></datafield><datafield ind1='f' ind2='f' tag='999'><subfield code='i'>d0c9cc53-b201-56cd-b7c6-07998b470d72</subfield><subfield code='s'>727993b2-f53b-5a18-b332-9b0ab3d21975</subfield></datafield><datafield ind1='f' ind2='f' tag='952'><subfield code='a'>National Library of Australia</subfield><subfield code='b'>Parkes</subfield><subfield code='c'>Parkes</subfield><subfield code='d'>Special Collections Reading Room (MAP [LG1])</subfield><subfield code='e'>MAP G9001.H1 1916 (Regional)</subfield><subfield code='h'>Other scheme</subfield><subfield code='i'>Monograph</subfield><subfield code='m'>161dd618-6d09-5f35-adfb-f07841699d37</subfield></datafield></record>